<?xml version="1.0" encoding="UTF-8"?><record xmlns="http://www.loc.gov/MARC21/slim" xmlns:cinclude="http://apache.org/cocoon/include/1.0" xmlns:zs="http://www.loc.gov/zing/srw/">
  <leader>00517cz  a2200157n  4500</leader>
  <controlfield tag="001">n  95115258 </controlfield>
  <controlfield tag="003">DLC</controlfield>
  <controlfield tag="005">20020212053139.0</controlfield>
  <controlfield tag="008">951130n| acannaabn          |n aaa      </controlfield>
  <datafield tag="010" ind1=" " ind2=" ">
    <subfield code="a">n  95115258 </subfield>
  </datafield>
  <datafield tag="035" ind1=" " ind2=" ">
    <subfield code="a">(OCoLC)oca03967424</subfield>
  </datafield>
  <datafield tag="040" ind1=" " ind2=" ">
    <subfield code="a">DLC</subfield>
    <subfield code="b">eng</subfield>
    <subfield code="c">DLC</subfield>
    <subfield code="d">DLC</subfield>
    <subfield code="d">OCoLC</subfield>
  </datafield>
  <datafield tag="053" ind1=" " ind2="0">
    <subfield code="a">PG3337.K66</subfield>
  </datafield>
  <datafield tag="100" ind1="1" ind2=" ">
    <subfield code="a">Krasnit︠s︡kīĭ, Viktor</subfield>
  </datafield>
  <datafield tag="670" ind1=" " ind2=" ">
    <subfield code="a">Stikhotvorenīi︠a︡, 1855:</subfield>
    <subfield code="b">t.p. (Viktora Krasnit︠s︡kago)</subfield>
  </datafield>
  <datafield tag="670" ind1=" " ind2=" ">
    <subfield code="a">Vengerov, S. Krit.-biogr. sl., 1915- :</subfield>
    <subfield code="b">v. 1, p. 413 (Krasnit︠s︡kīĭ, Viktor; poet)</subfield>
  </datafield>
</record>